@book{mrx05, 
auTHor = "O.R. Pols", 
Title = {STELLAR STRUCTURE
AND EVOLUTION}, 
publisher = "Astronomical Institute Utrecht" 

} 
